@misc{latex-project-template,
  author = {Brian Kroth},
  title = {{latex-project-template}},
  howpublished = "\url{https://github.com/bpkroth/latex-project-template}",
  year = {2021},
  note = "[Online; accessed 02-December-2021]"
}
