
@inproceedings{10.1145/2513383.2513436,
  title = {Wheelchair-Based Game Design for Older Adults},
  booktitle = {Proceedings of the 15th International {{ACM SIGACCESS}} Conference on Computers and Accessibility},
  author = {Gerling, Kathrin M. and Mandryk, Regan L. and Kalyn, Michael R.},
  date = {2013},
  series = {{{ASSETS}} '13},
  publisher = {{Association for Computing Machinery}},
  location = {{New York, NY, USA}},
  doi = {10.1145/2513383.2513436},
  url = {https://doi.org/10.1145/2513383.2513436},
  abstract = {Few leisure activities are accessible to institutionalized older adults using wheelchairs; in consequence, they experience lower levels of perceived health than able-bodied peers. Video games have been shown to be an engaging leisure activity for older adults. In our work, we address the design of wheelchair-accessible motion-based games. We present KINECTWheels, a toolkit designed to integrate wheelchair movements into motion-based games, and Cupcake Heaven, a wheelchair-based video game designed for older adults using wheelchairs. Results of two studies show that KINECTWheels can be applied to make motion-based games wheelchair-accessible, and that wheelchair-based games engage older adults. Through the application of the wheelchair as an enabling technology in play, our work has the potential of encouraging older adults to develop a positive relationship with their wheelchair.},
  articleno = {27},
  isbn = {978-1-4503-2405-2},
  pagetotal = {8},
  keywords = {accessibility,entertainment,games,older adults,wheelchairs}
}

@online{4esn0kWebSocketsProtocolVs2021,
  type = {Forum post},
  title = {{{WebSockets}} Protocol vs {{HTTP}}},
  author = {4esn0k},
  date = {2021-12-03},
  url = {https://stackoverflow.com/q/14703627/16029660},
  urldate = {2022-08-21},
  organization = {{Stack Overflow}},
  file = {C\:\\Users\\bened\\Zotero\\storage\\MFSA5ZJS\\websockets-protocol-vs-http.html}
}

@incollection{alma99133637002586,
  title = {WebSockets : Moderne HTML5-Echtzeitanwendungen entwickeln /},
  booktitle = {WebSockets : Moderne HTML5-Echtzeitanwendungen entwickeln /},
  author = {Gorski, Peter Leo},
  date = {2015},
  series = {Hanser eLibrary},
  edition = {1. Aufl.},
  publisher = {{: Carl Hanser Verlag GmbH \& Co. KG}},
  location = {{München}},
  abstract = {WebSockets // - Für Webentwickler mit Grundkenntnissen, Studenten der Informatik, Softwarearchitekten und IT-Konzepter - Umfassender Einstieg in die WebSocket-Technik: Grundlagen, Performance, Sicherheit, Test-Verfahren - Mit zahlreichen Beispielen auf Basis ganz unterschiedlicher Werkzeuge, Technologien, Sprachen und Frameworks - Die Beispiele aus dem Buch sowie Infos zu aktuellen Entwicklungen können auf der Website der Autoren heruntergeladen werden Dieses Buch führt Sie umfassend in die WebSocket-Technik und die damit einhergehenden neuen Entwicklungsmöglichkeiten ein. Unter den zahlreichen exemplarischen Anwendungen finden sich Beispiele auf Basis von Node.js, Vert.x, und JSR 356, als Programmiersprachen werden Java und JavaScript eingesetzt. Nach einer Einführung in die notwendigen Grundlagen von HTTP lernen Sie zunächst die Mechanismen für höhere Interaktivität und Echtzeitfähigkeit bei Webanwendungen kennen. Weiter geht es mit dem WebSocket-Protokoll und der WebSocket-API. An dieser Stelle werden Sie mit JavaScript erste Beispiele für WebSocket-Clientanwendungen in Webbrowsern programmieren. Es folgen WebSocket-Implementierungen auf der Serverseite auf Basis gebräuchlicher Frameworks. Weitere Themen sind das Testen von verteilten Web-Socket-basierten Applikationen, Performance-Eigenschaften und – ganz wichtig – Sicherheitsaspekte, insbesondere wenn die Anwendung aus verteilten Komponenten zusammengesetzt ist, die über offene Netze miteinander gekoppelt sind. Schließlich werden Sie verschiedene größere und vollständige Anwendungen implementieren: eine generische Fernsteuerung für Webanwendungen, ein klassisches Chatsystem, eine Heatmap für Usability-Tests und eine Überwachungskamera per Webcam. AUS DEM INHALT // HTTP-Grundlagen // Techniken für höhere Interaktivität und Echtzeitfähigkeit // Die Leitung: Das IETF WebSocket-Protokoll // Der Client: Die W3C WebSocket-API // Der Server: Sprachliche Vielfalt // WebSockets in der Praxis: Performance \& Skalierbarkeit, Sicherheit, Gefahren \& Probleme // Vier komplette Beispielanwendungen},
  isbn = {978-3-446-44438-6},
  langid = {german},
  keywords = {Web & Mobile Programming},
  file = {C\:\\Users\\bened\\Zotero\\storage\\4JMT8994\\Moderne HTML5-Echtzeitanwendungen entwickeln_2.pdf;C\:\\Users\\bened\\Zotero\\storage\\HYGI7M8X\\Moderne HTML5-Echtzeitanwendungen entwickeln_3.pdf;C\:\\Users\\bened\\Zotero\\storage\\TVXRIIDA\\Moderne HTML5-Echtzeitanwendungen entwickeln_1.pdf}
}

@article{arlatiVirtualRealitybasedWheelchair2020,
  title = {Virtual Reality-Based Wheelchair Simulators: {{A}} Scoping Review},
  shorttitle = {Virtual Reality-Based Wheelchair Simulators},
  author = {Arlati, Sara and Colombo, Vera and Ferrigno, Giancarlo and Sacchetti, Rinaldo and Sacco, Marco},
  date = {2020-11-01},
  journaltitle = {Assistive Technology},
  shortjournal = {Assistive Technology},
  volume = {32},
  number = {6},
  pages = {294--305},
  issn = {1040-0435, 1949-3614},
  doi = {10.1080/10400435.2018.1553079},
  url = {https://www.tandfonline.com/doi/full/10.1080/10400435.2018.1553079},
  urldate = {2022-08-05},
  abstract = {Sense of presence (SoP) has recently emerged as one of the key elements promoting the effectiveness of virtual reality-based training programs. In the context of wheelchair simulators (WSs), the effectiveness of the simulation has been sought using different perception and interaction devices, providing the endusers with different levels of SoP. We performed a scoping review searching scientific and grey literature databases with the aim of assessing the extent of published research dealing with SoP and effectiveness of WSs. Sixty-two articles, describing 29 WSs, were included in the review. In spite of promising results, the high heterogeneity of the employed technological solutions, of the training programs and of their outcomes precluded drawing definitive conclusions about the optimal solution for the enhancement of SoP and thus of WSs’ effectiveness. Future research should focus on controlled trials in order to help researchers in assessing the most suitable technologies and methodologies for the application of WSs in clinical practice.},
  langid = {english},
  file = {C\:\\Users\\bened\\Zotero\\storage\\B3ZZH22N\\Arlati et al. - 2020 - Virtual reality-based wheelchair simulators A sco.pdf}
}

@book{bernsEingebetteteSystemeSystemgrundlagen2010,
  title = {Eingebettete Systeme: Systemgrundlagen und Entwicklung eingebetteter Software ; mit 12 Tabellen},
  shorttitle = {Eingebettete Systeme},
  author = {Berns, Karsten and Schürmann, Bernd and Trapp, Mario},
  date = {2010},
  series = {Studium},
  edition = {1. Aufl},
  publisher = {{Vieweg + Teubner}},
  location = {{Wiesbaden}},
  isbn = {978-3-8348-0422-8},
  langid = {ngerman},
  pagetotal = {270},
  file = {C\:\\Users\\bened\\Zotero\\storage\\953QAISK\\Berns et al. - 2010 - Eingebettete Systeme Systemgrundlagen und Entwick.pdf}
}

@online{DirekteKommunikationMit,
  title = {Direkte {{Kommunikation}} Mit {{ESP-NOW}}},
  url = {https://elektro.turanis.de/html/prj412/index.html},
  urldate = {2022-07-28},
  file = {C\:\\Users\\bened\\Zotero\\storage\\ZALHUHN4\\index.html}
}

@book{doernerVirtualUndAugmented2013,
  title = {Virtual und Augmented Reality (VR / AR)},
  editor = {Dörner, Ralf and Broll, Wolfgang and Grimm, Paul and Jung, Bernhard},
  date = {2013},
  series = {eXamen.press},
  publisher = {{Springer Berlin Heidelberg}},
  location = {{Berlin, Heidelberg}},
  doi = {10.1007/978-3-642-28903-3},
  url = {http://link.springer.com/10.1007/978-3-642-28903-3},
  urldate = {2022-08-05},
  isbn = {978-3-642-28902-6 978-3-642-28903-3},
  langid = {ngerman},
  file = {C\:\\Users\\bened\\Zotero\\storage\\5PVY65M2\\Dörner et al. - 2013 - Virtual und Augmented Reality (VR  AR).pdf}
}

@book{doernerVirtualUndAugmented2019,
  title = {Virtual und Augmented Reality (VR/AR): Grundlagen und Methoden der Virtuellen und Augmentierten Realität},
  shorttitle = {Virtual und Augmented Reality (VR/AR)},
  editor = {Dörner, Ralf and Broll, Wolfgang and Grimm, Paul and Jung, Bernhard},
  date = {2019},
  publisher = {{Springer Berlin Heidelberg}},
  location = {{Berlin, Heidelberg}},
  doi = {10.1007/978-3-662-58861-1},
  url = {http://link.springer.com/10.1007/978-3-662-58861-1},
  urldate = {2022-08-05},
  isbn = {978-3-662-58860-4 978-3-662-58861-1},
  langid = {ngerman},
  file = {C\:\\Users\\bened\\Zotero\\storage\\9C6MFI4W\\Dörner et al. - 2019 - Virtual und Augmented Reality (VRAR) Grundlagen .pdf}
}

@book{EingebetteteSysteme2007,
  title = {Eingebettete Systeme},
  date = {2007},
  series = {eXamen.press},
  publisher = {{Springer Berlin Heidelberg}},
  location = {{Berlin, Heidelberg}},
  issn = {1614-5216},
  doi = {10.1007/978-3-540-34049-2},
  url = {http://link.springer.com/10.1007/978-3-540-34049-2},
  urldate = {2022-08-05},
  isbn = {978-3-540-34048-5 978-3-540-34049-2},
  langid = {ngerman},
  file = {C\:\\Users\\bened\\Zotero\\storage\\XBHJ93MA\\2007 - Eingebettete Systeme.pdf}
}

@misc{ESP32Datasheet2022,
  title = {{{ESP32 Datasheet}}},
  date = {2022},
  url = {https://www.espressif.com/sites/default/files/documentation/esp32_datasheet_en.pdf},
  urldate = {2022-07-28},
  langid = {english},
  file = {C\:\\Users\\bened\\Zotero\\storage\\SMV9CFA7\\esp32_datasheet_en.pdf}
}

@online{ESP32WiFiBluetooth,
  title = {{{ESP32 Wi-Fi}} \& {{Bluetooth MCU I Espressif Systems}}},
  url = {https://www.espressif.com/en/products/socs/esp32},
  urldate = {2022-07-28},
  file = {C\:\\Users\\bened\\Zotero\\storage\\RAJIWJKV\\esp32.html}
}

@misc{ESPNowUserGuide2016,
  title = {{{ESPNow User Guide}}},
  date = {2016},
  publisher = {{Espressif Systems}},
  url = {https://www.espressif.com/en/products/software/esp-now/resources},
  langid = {english},
  file = {C\:\\Users\\bened\\Zotero\\storage\\NRJZAZP5\\esp-now_user_guide_en.pdf}
}

@online{ewaldMPU6050BeschleunigungssensorUnd2020,
  title = {MPU6050 Beschleunigungssensor und Gyroskop • Wolles Elektronikkiste},
  author = {Ewald, Wolfgang},
  date = {2020-11-27T17:53:18+00:00},
  url = {https://wolles-elektronikkiste.de/mpu6050-beschleunigungssensor-und-gyroskop},
  urldate = {2022-08-21},
  abstract = {Der MPU6050 ist ein 6-Achsen Gyroskop und Beschleunigungssensor: wie ihr ihn mit und ohne Bibliothek ansteuert und Interrupts nutzt.},
  langid = {ngerman},
  organization = {{Wolles Elektronikkiste}},
  file = {C\:\\Users\\bened\\Zotero\\storage\\PGERGUVG\\mpu6050-beschleunigungssensor-und-gyroskop.html}
}

@online{ietfRFC6455WebSocket,
  title = {{{RFC}} 6455 - {{The WebSocket Protocol}}},
  author = {IETF and Fette, Ian and Melnikov, Alexey},
  url = {https://datatracker.ietf.org/doc/html/rfc6455},
  urldate = {2022-07-27},
  langid = {english},
  organization = {{The WebSocket Protocol}},
  file = {C\:\\Users\\bened\\Zotero\\storage\\8NPSBNX4\\rfc6455.html}
}

@online{kanakaAnswerWebSocketsProtocol2013,
  title = {Answer to "{{WebSockets}} Protocol vs {{HTTP}}"},
  author = {{kanaka}},
  date = {2013-02-05},
  url = {https://stackoverflow.com/a/14711517/16029660},
  urldate = {2022-08-21},
  organization = {{Stack Overflow}},
  file = {C\:\\Users\\bened\\Zotero\\storage\\G4HXSR7V\\websockets-protocol-vs-http.html}
}

@article{kappenOlderAdultsPhysical2019,
  title = {Older {{Adults}}’ {{Physical Activity}} and {{Exergames}}: {{A Systematic Review}}},
  shorttitle = {Older {{Adults}}’ {{Physical Activity}} and {{Exergames}}},
  author = {Kappen, Dennis L. and Mirza-Babaei, Pejman and Nacke, Lennart E.},
  date = {2019-01-20},
  journaltitle = {International Journal of Human–Computer Interaction},
  shortjournal = {International Journal of Human–Computer Interaction},
  volume = {35},
  number = {2},
  pages = {140--167},
  issn = {1044-7318, 1532-7590},
  doi = {10.1080/10447318.2018.1441253},
  url = {https://www.tandfonline.com/doi/full/10.1080/10447318.2018.1441253},
  urldate = {2022-08-05},
  abstract = {Exertion games, also referred to as exergames, have become popular because they combine physical activity (PA) with game mechanics, such as actions, challenges, and achievements. Exergames have been also used to encourage PA among older adults, as technological interventions to help achieve the latters’ health and wellness goals and as aids to rehabilitation. To the best of our knowledge, no systematic review of empirical studies on exergaming and older adults’ PA has been reported in the literature. Our review indicates that exergames make a measurable contribution to the improvement of health and wellness goals of older adults. Our systematic review identifies 9 categories and 19 themes of exergame applications in the domain of older adults’ PA. We aggregate these categories and themes into three broader exergaming clusters, of “training,” “rehabilitation,” and “wellness.” Additionally, we outline pathways for future empirical research into applying exergames as health and wellness interventions for older adults through physical activities.},
  langid = {english},
  file = {C\:\\Users\\bened\\Zotero\\storage\\V4454DW9\\Kappen et al. - 2019 - Older Adults’ Physical Activity and Exergames A S.pdf}
}

@book{marwedelEingebetteteSystemeGrundlagen2021,
  title = {Eingebettete Systeme: Grundlagen Eingebetteter Systeme in Cyber-Physikalischen Systemen},
  shorttitle = {Eingebettete Systeme},
  author = {Marwedel, Peter},
  date = {2021},
  publisher = {{Springer Fachmedien Wiesbaden}},
  location = {{Wiesbaden}},
  doi = {10.1007/978-3-658-33437-6},
  url = {https://link.springer.com/10.1007/978-3-658-33437-6},
  urldate = {2022-08-05},
  isbn = {978-3-658-33436-9 978-3-658-33437-6},
  langid = {ngerman},
  file = {C\:\\Users\\bened\\Zotero\\storage\\RB5UWDRX\\Marwedel - 2021 - Eingebettete Systeme Grundlagen Eingebetteter Sys.pdf}
}

@online{MPU6050TDK,
  title = {{{MPU-6050}} | {{TDK}}},
  url = {https://invensense.tdk.com/products/motion-tracking/6-axis/mpu-6050/},
  urldate = {2022-07-28},
  langid = {american},
  file = {C\:\\Users\\bened\\Zotero\\storage\\MECHRS4S\\mpu-6050.html}
}

@article{pimentelCommunicatingDisplayingRealTime2012,
  title = {Communicating and {{Displaying Real-Time Data}} with {{WebSocket}}},
  author = {Pimentel, Victoria and Nickerson, Bradford G.},
  date = {2012-07},
  journaltitle = {IEEE Internet Computing},
  shortjournal = {IEEE Internet Comput.},
  volume = {16},
  number = {4},
  pages = {45--53},
  issn = {1089-7801},
  doi = {10.1109/MIC.2012.64},
  url = {http://ieeexplore.ieee.org/document/6197172/},
  urldate = {2022-07-27},
  langid = {english},
  file = {C\:\\Users\\bened\\Zotero\\storage\\D3CZ655T\\Pimentel and Nickerson - 2012 - Communicating and Displaying Real-Time Data with W.pdf}
}

@online{SensorBeschleunigungGyroskopKompassSensor,
  title = {Sensor-Beschleunigung/Gyroskop/Kompass-Sensor - Arduino - Raspberry P},
  url = {https://eckstein-shop.de/Sensor-Beschleunigung-Gyroskop-Kompass-Sensor},
  urldate = {2022-07-28},
  abstract = {Mit diesen Beschleunigungsmessern, Gyroskopen, Kompassen/Magnetometern und kombinierten Trägheitsmessgeräten (IMUs) und Orientierungssensoren lassen sich Be},
  langid = {ngerman},
  organization = {{Sensor-Beschleunigung/Gyroskop/Kompass-Sensor - Arduino - Raspberry P}},
  file = {C\:\\Users\\bened\\Zotero\\storage\\ZKPJ8WLV\\Sensor-Beschleunigung-Gyroskop-Kompass-Sensor.html}
}

@book{sharkey3rdInternationalConference2000,
  title = {The 3rd International Conference on Disability, Virtual Reality and Associated Technologies.},
  editor = {Sharkey, Paul},
  date = {2000},
  isbn = {978-0-7049-1142-0},
  langid = {english},
  annotation = {OCLC: 59519737},
  file = {C\:\\Users\\bened\\Zotero\\storage\\6C54RGJ8\\Sharkey - 2000 - The 3rd international conference on disability, vi.pdf}
}

@online{taylorWasSindWebSockets2022,
  title = {Was Sind {{WebSockets}} Und Wie Erstellt Man Sie? | {{AppMaster}}},
  author = {Taylor, Amalia},
  date = {2022-06-12},
  url = {https://appmaster.io/de/blog/was-sind-websockets-und-wie-erstellt-man-sie},
  urldate = {2022-07-27},
  file = {C\:\\Users\\bened\\Zotero\\storage\\WG7I7IMF\\was-sind-websockets-und-wie-erstellt-man-sie.html}
}

@software{tzapuWiFiManager2022,
  title = {{{WiFiManager}}},
  author = {{tzapu}},
  date = {2022-07-27T19:57:47Z},
  origdate = {2015-06-03T14:46:20Z},
  url = {https://github.com/tzapu/WiFiManager},
  urldate = {2022-07-28},
  abstract = {ESP8266 WiFi Connection manager with web captive portal},
  keywords = {arduino,captive,configuration-portal,esp8266,wifimanager}
}

@online{WebSocketErklarungFunktionsweise2020,
  title = {{{WebSocket}} | {{Erklärung}}, {{Funktionsweise}} \& {{Beispiel}} - {{IONOS}}},
  date = {2020-03-16},
  url = {https://www.ionos.de/digitalguide/websites/web-entwicklung/was-ist-websocket/},
  urldate = {2022-07-27},
  file = {C\:\\Users\\bened\\Zotero\\storage\\CVT96ZMY\\was-ist-websocket.html}
}

@online{WhatMPU6050,
  title = {What {{Is MPU6050}}?},
  url = {https://create.arduino.cc/projecthub/CiferTech/what-is-mpu6050-b3b178},
  urldate = {2022-07-28},
  abstract = {Control a 3D model! By CiferTech.},
  langid = {english},
  organization = {{Arduino Project Hub}},
  file = {C\:\\Users\\bened\\Zotero\\storage\\CWFWXPCA\\what-is-mpu6050-b3b178.html}
}

@online{WhoWeAre,
  title = {Who {{We Are}} | {{Wi-Fi Alliance}}},
  url = {https://www.wi-fi.org/who-we-are},
  urldate = {2022-07-28},
  file = {C\:\\Users\\bened\\Zotero\\storage\\LXYSXNS8\\who-we-are.html}
}

@online{workshopESPNOWPeer2022,
  title = {{{ESP NOW}} - {{Peer}} to {{Peer ESP32 Communications}}},
  author = {Workshop, DroneBot},
  date = {2022-04-03T12:57+00:00},
  url = {https://dronebotworkshop.com/esp-now/},
  urldate = {2022-07-28},
  abstract = {ESP-NOW allows you to create a private peer-to-peer network for ESP32 and ESP8266 boards. I’ll show you how to use it with the ESP32.},
  langid = {american},
  organization = {{DroneBot Workshop}},
  file = {C\:\\Users\\bened\\Zotero\\storage\\TUK3H9IG\\esp-now.html}
}


